<record><leader>00000cas a2200000 i 4500</leader><controlfield tag="001">14561487</controlfield><controlfield tag="008">861029d19011905iaudr ne      0    0eng c</controlfield><datafield ind1=" " ind2=" " tag="010"><subfield code="a">sn 86061151 </subfield></datafield><datafield ind1=" " ind2=" " tag="040"><subfield code="a">INP</subfield><subfield code="b">eng</subfield><subfield code="e">rda</subfield><subfield code="c">INP</subfield><subfield code="d">DLC</subfield><subfield code="d">IUL</subfield><subfield code="d">OCLCF</subfield></datafield><datafield ind1=" " ind2=" " tag="042"><subfield code="a">pcc</subfield></datafield><datafield ind1=" " ind2=" " tag="043"><subfield code="a">n-us-ia</subfield></datafield><datafield ind1="0" ind2=" " tag="130"><subfield code="a">Dubuque telegraph-herald (Dubuque, Iowa : 1901 : Daily)</subfield></datafield><datafield ind1="1" ind2="0" tag="245"><subfield code="a">Dubuque telegraph-herald.</subfield></datafield><datafield ind1="0" ind2="0" tag="246"><subfield code="a">Dubuque telegraph herald</subfield></datafield><datafield ind1="0" ind2="0" tag="246"><subfield code="a">Telegraph herald</subfield></datafield><datafield ind1="3" ind2="0" tag="246"><subfield code="a">Telegraph-herald</subfield></datafield><datafield ind1=" " ind2=" " tag="250"><subfield code="a">Evening ed.</subfield></datafield><datafield ind1=" " ind2="1" tag="264"><subfield code="a">Dubuque, Iowa :</subfield><subfield code="b">Telegraph-Herald,</subfield><subfield code="c">1901-1905.</subfield></datafield><datafield ind1=" " ind2=" " tag="300"><subfield code="a">4 volumes :</subfield><subfield code="b">illustrations ;</subfield><subfield code="c">54 cm</subfield></datafield><datafield ind1=" " ind2=" " tag="310"><subfield code="a">Daily</subfield></datafield><datafield ind1=" " ind2=" " tag="336"><subfield code="a">text</subfield><subfield code="b">txt</subfield><subfield code="2">rdacontent</subfield></datafield><datafield ind1=" " ind2=" " tag="337"><subfield code="a">unmediated</subfield><subfield code="b">n</subfield><subfield code="2">rdamedia</subfield></datafield><datafield ind1=" " ind2=" " tag="338"><subfield code="a">volume</subfield><subfield code="b">nc</subfield><subfield code="2">rdacarrier</subfield></datafield><datafield ind1="0" ind2=" " tag="362"><subfield code="a">No. 1 (October 27, 1901)-vol. XLII, no. 103 (April 18, 1905).</subfield></datafield><datafield ind1=" " ind2=" " tag="500"><subfield code="a">"Official paper of city and county."</subfield></datafield><datafield ind1=" " ind2=" " tag="515"><subfield code="a">Beginning with January 12, 1903 numbering changes from issue designation to volume and issue designation.</subfield></datafield><datafield ind1=" " ind2=" " tag="580"><subfield code="a">Morning eds.: Morning telegraph (Dubuque, Iowa), &lt;Oct. 3, 1902&gt;-Apr. 18, 1903; Dubuque morning telegraph, Apr. 21, 1903-Apr. 18, 1905.</subfield></datafield><datafield ind1=" " ind2=" " tag="580"><subfield code="a">Semiweekly ed.: Dubuque telegraph-herald (Dubuque, Iowa : 1901 : Semiweekly).</subfield></datafield><datafield ind1=" " ind2="0" tag="651"><subfield code="a">Dubuque (Iowa)</subfield><subfield code="v">Newspapers.</subfield></datafield><datafield ind1=" " ind2="0" tag="651"><subfield code="a">Dubuque County (Iowa)</subfield><subfield code="v">Newspapers.</subfield></datafield><datafield ind1=" " ind2="7" tag="651"><subfield code="a">Iowa</subfield><subfield code="z">Dubuque.</subfield><subfield code="2">fast</subfield><subfield code="0">(OCoLC)fst01217313</subfield></datafield><datafield ind1=" " ind2="7" tag="651"><subfield code="a">Iowa</subfield><subfield code="z">Dubuque County.</subfield><subfield code="2">fast</subfield><subfield code="0">(OCoLC)fst01212637</subfield></datafield><datafield ind1=" " ind2="7" tag="655"><subfield code="a">Newspapers.</subfield><subfield code="2">fast</subfield><subfield code="0">(OCoLC)fst01423814</subfield></datafield><datafield ind1=" " ind2=" " tag="752"><subfield code="a">United States</subfield><subfield code="b">Iowa</subfield><subfield code="c">Dubuque</subfield><subfield code="d">Dubuque.</subfield></datafield><datafield ind1="1" ind2=" " tag="775"><subfield code="t">Morning telegraph (Dubuque, Iowa)</subfield><subfield code="w">(DLC)sn 86061153</subfield><subfield code="w">(OCoLC)14561663</subfield></datafield><datafield ind1="1" ind2=" " tag="775"><subfield code="t">Dubuque morning telegraph</subfield><subfield code="w">(DLC)sn 86061154</subfield><subfield code="w">(OCoLC)14561763</subfield></datafield><datafield ind1="1" ind2=" " tag="775"><subfield code="t">Dubuque telegraph-herald (Dubuque, Iowa : 1901 : Semiweekly)</subfield></datafield><datafield ind1="0" ind2="4" tag="780"><subfield code="t">Dubuque daily herald (Dubuque, Iowa : 1885)</subfield><subfield code="w">(DLC)sn 82015847</subfield><subfield code="w">(OCoLC)8814885</subfield></datafield><datafield ind1="0" ind2="4" tag="780"><subfield code="t">Dubuque daily telegraph</subfield><subfield code="w">(DLC)sn 86061150</subfield><subfield code="w">(OCoLC)14561341</subfield></datafield><datafield ind1="0" ind2="0" tag="785"><subfield code="t">Telegraph-herald (Dubuque, Iowa : 1905)</subfield><subfield code="w">(DLC)sn 86061152</subfield><subfield code="w">(OCoLC)14561603</subfield></datafield><datafield ind1="4" ind2="1" tag="856"><subfield code="u">http://news.google.com/newspapers?nid=bZUHSELkOu4C</subfield></datafield></record>